@misc{scrapy,
    title = {Scrapy},
    howpublished = {\url{https://scrapy.org}},
    note = {Accessed: 01.05.2020}
}

@article{portisch2018alod2vec,
    title={ALOD2Vec matcher.},
    author={Portisch, Jan and Paulheim, Heiko},
    journal={OM@ ISWC},
    volume={2288},
    pages={132--137},
    year={2018}
}

@article{chawla2002smote,
    title={SMOTE: synthetic minority over-sampling technique},
    author={Chawla, Nitesh V and Bowyer, Kevin W and Hall, Lawrence O and Kegelmeyer, W Philip},
    journal={Journal of artificial intelligence research},
    volume={16},
    pages={321--357},
    year={2002}
}

@article{berners2001semantic,
    title={The semantic web},
    author={Berners-Lee, Tim and Hendler, James and Lassila, Ora and others},
    journal={Scientific american},
    volume={284},
    number={5},
    pages={28--37},
    year={2001},
    publisher={New York, NY, USA:}
}

@inproceedings{herrera2019btc,
    author = {José-Miguel Herrera, Aidan Hogan and Tobias K{\"a}fer},
    title = {BTC-2019: The 2019 Billion Triple Challenge Dataset},
    booktitle={Proceedings of the 18th International Semantic Web Conference (ISWC)},
    howpublished = {https://zenodo.org/record/2634588#.XjCgsS2ZPzI},
    year = 2019,
    publisher = {Auckland, New Zealand},
}

@inproceedings{isele2010ldspider,
    author = { Robert Isele and J\"{u}rgen Umbrich and Chris Bizer and Andreas Harth},
    title = { {LDSpider}: An open-source crawling framework for the Web of Linked Data} ,
    year = { 2010 },
    booktitle = { Proceedings of 9th International Semantic Web Conference (ISWC 2010) Posters and Demos},
    url = { http://iswc2010.semanticweb.org/pdf/495.pdf }
}

@inproceedings{petrovski2016wdc,
    title={The WDC gold standards for product feature extraction and product matching},
    author={Petrovski, Petar and Primpeli, Anna and Meusel, Robert and Bizer, Christian},
    booktitle={International Conference on Electronic Commerce and Web Technologies},
    pages={73--86},
    year={2016},
    organization={Springer}
}

@inproceedings{primpeli2019wdc,
    title={The WDC training dataset and gold standard for large-scale product matching},
    author={Primpeli, Anna and Peeters, Ralph and Bizer, Christian},
    booktitle={Companion Proceedings of The 2019 World Wide Web Conference},
    pages={381--386},
    year={2019}
}

@inproceedings{pennington2014glove,
    title={Glove: Global vectors for word representation},
    author={Pennington, Jeffrey and Socher, Richard and Manning, Christopher D},
    booktitle={Proceedings of the 2014 conference on empirical methods in natural language processing (EMNLP)},
    pages={1532--1543},
    year={2014}
}

@inproceedings{meusel2014webdatacommons,
    title={The webdatacommons microdata, rdfa and microformat dataset series},
    author={Meusel, Robert and Petrovski, Petar and Bizer, Christian},
    booktitle={International Semantic Web Conference},
    pages={277--292},
    year={2014},
    organization={Springer}
}

@incollection{sabou2008exploring,
    title={Exploring the semantic web as background knowledge for ontology matching},
    author={Sabou, Marta and d’Aquin, Mathieu and Motta, Enrico},
    booktitle={Journal on data semantics XI},
    pages={156--190},
    year={2008},
    publisher={Springer}
}

@inproceedings{aleksovski2006matching,
    title={Matching unstructured vocabularies using a background ontology},
    author={Aleksovski, Zharko and Klein, Michel and Ten Kate, Warner and Van Harmelen, Frank},
    booktitle={International Conference on Knowledge Engineering and Knowledge Management},
    pages={182--197},
    year={2006},
    organization={Springer}
}

@book{euzenat2007ontology,
    title={Ontology matching},
    author={Euzenat, J{\'e}r{\^o}me and Shvaiko, Pavel},
    edition=2,
    year={2013},
    publisher={Springer}
}

@book{angermann2017taxonomy,
    title={Taxonomy Matching Using Background Knowledge},
    author={Angermann, Heiko and Ramzan, Naeem},
    publisher={Springer}
}

@article{shvaiko2011ontology,
    title={Ontology matching: state of the art and future challenges},
    author={Shvaiko, Pavel and Euzenat, J{\'e}r{\^o}me},
    journal={IEEE Transactions on knowledge and data engineering},
    volume={25},
    number={1},
    pages={158--176},
    year={2011},
    publisher={IEEE}
}

@article{rahm2001survey,
    title={A survey of approaches to automatic schema matching},
    author={Rahm, Erhard and Bernstein, Philip A},
    journal={the VLDB Journal},
    volume={10},
    number={4},
    pages={334--350},
    year={2001},
    publisher={Springer}
}

@inproceedings{avesani2005large,
    title={A large scale taxonomy mapping evaluation},
    author={Avesani, Paolo and Giunchiglia, Fausto and Yatskevich, Mikalai},
    booktitle={International Semantic Web Conference},
    pages={67--81},
    year={2005},
    organization={Springer}
}

@inproceedings{do2002comparison,
    title={Comparison of schema matching evaluations},
    author={Do, Hong-Hai and Melnik, Sergey and Rahm, Erhard},
    booktitle={Net. ObjectDays: International Conference on Object-Oriented and Internet-Based Technologies, Concepts, and Applications for a Networked World},
    pages={221--237},
    year={2002},
    organization={Springer}
}

@incollection{shvaiko2005survey,
    title={A survey of schema-based matching approaches},
    author={Shvaiko, Pavel and Euzenat, J{\'e}r{\^o}me},
    booktitle={Journal on data semantics IV},
    pages={146--171},
    year={2005},
    publisher={Springer}
}

@article{larson1989theory,
    title={A theory of attributed equivalence in databases with application to schema integration},
    author={Larson, James A. and Navathe, Shamkant B. and Elmasri, Ramez},
    journal={IEEE Transactions on software engineering},
    volume={15},
    number={4},
    pages={449--463},
    year={1989},
    publisher={IEEE}
}

@article{kalfoglou2003ontology,
    title={Ontology mapping: the state of the art},
    author={Kalfoglou, Yannis and Schorlemmer, Marco},
    journal={The knowledge engineering review},
    volume={18},
    number={1},
    pages={1--31},
    year={2003},
    publisher={Cambridge University Press}
}

@article{miller1995wordnet,
    title={WordNet: a lexical database for English},
    author={Miller, George A},
    journal={Communications of the ACM},
    volume={38},
    number={11},
    pages={39--41},
    year={1995},
    publisher={ACM New York, NY, USA}
}

@article{davis1962machine,
    title={A machine program for theorem-proving},
    author={Davis, Martin and Logemann, George and Loveland, Donald},
    journal={Communications of the ACM},
    volume={5},
    number={7},
    pages={394--397},
    year={1962},
    publisher={ACM New York, NY, USA}
}

@inproceedings{meusel2015exploiting,
    title={Exploiting microdata annotations to consistently categorize product offers at web scale},
    author={Meusel, Robert and Primpeli, Anna and Meilicke, Christian and Paulheim, Heiko and Bizer, Christian},
    booktitle={International Conference on Electronic Commerce and Web Technologies},
    pages={83--99},
    year={2015},
    organization={Springer}
}

@inproceedings{zhang2019product,
    title={Product Classification Using Microdata Annotations},
    author={Zhang, Ziqi and Paramita, Monica},
    booktitle={International Semantic Web Conference},
    pages={716--732},
    year={2019},
    organization={Springer}
}

@inproceedings{agrawal2001integrating,
    title={On integrating catalogs},
    author={Agrawal, Rakesh and Srikant, Ramakrishnan},
    booktitle={Proceedings of the 10th international conference on World Wide Web},
    pages={603--612},
    year={2001},
    organization={ACM}
}

@article{papadimitriou2012taci,
    title={TACI: Taxonomy-aware catalog integration},
    author={Papadimitriou, Panagiotis and Tsaparas, Panayiotis and Fuxman, Ariel and Getoor, Lise},
    journal={IEEE Transactions on Knowledge and Data Engineering},
    volume={25},
    number={7},
    pages={1643--1655},
    year={2012},
    publisher={IEEE}
}

@inproceedings{levenshtein1966binary,
    title={Binary codes capable of correcting deletions, insertions, and reversals},
    author={Levenshtein, Vladimir I},
    booktitle={Soviet physics doklady},
    volume={10},
    number={8},
    pages={707--710},
    year={1966}
}

@inproceedings{madhavan2001generic,
    title={Generic schema matching with cupid},
    author={Madhavan, Jayant and Bernstein, Philip A and Rahm, Erhard},
    booktitle={vldb},
    volume={1},
    pages={49--58},
    year={2001}
}

@article{sonoda2017neural,
    title={Neural network with unbounded activation functions is universal approximator},
    author={Sonoda, Sho and Murata, Noboru},
    journal={Applied and Computational Harmonic Analysis},
    volume={43},
    number={2},
    pages={233--268},
    year={2017},
    publisher={Elsevier}
}

@techreport{serafini2003algorithm,
    title={An algorithm for matching contextualized schemas via SAT},
    author={Serafini, Luciano and Bouquet, Paolo and Magnini, Bernardo and Zanobini, Stefano},
    year={2003},
    institution={University of Trento}
}

@incollection{doan2004ontology,
    title={Ontology matching: A machine learning approach},
    author={Doan, AnHai and Madhavan, Jayant and Domingos, Pedro and Halevy, Alon},
    booktitle={Handbook on ontologies},
    pages={385--403},
    year={2004},
    publisher={Springer}
} % GLUE

@article{doan2003learning,
    title={Learning to match ontologies on the semantic web},
    author={Doan, AnHai and Madhavan, Jayant and Dhamankar, Robin and Domingos, Pedro and Halevy, Alon},
    journal={The VLDB journal},
    volume={12},
    number={4},
    pages={303--319},
    year={2003},
    publisher={Springer}
} % GLUE

@article{noy2003prompt,
    title={The PROMPT suite: interactive tools for ontology merging and mapping},
    author={Noy, Natalya F and Musen, Mark A},
    journal={International journal of human-computer studies},
    volume={59},
    number={6},
    pages={983--1024},
    year={2003},
    publisher={Elsevier}
}

@inproceedings{giunchiglia2005semantic,
    title={Semantic schema matching},
    author={Giunchiglia, Fausto and Shvaiko, Pavel and Yatskevich, Mikalai},
    booktitle={OTM Confederated International Conferences" On the Move to Meaningful Internet Systems"},
    pages={347--365},
    year={2005},
    organization={Springer}
}

@inproceedings{aumueller2005schema,
    title={Schema and ontology matching with COMA++},
    author={Aumueller, David and Do, Hong-Hai and Massmann, Sabine and Rahm, Erhard},
    booktitle={Proceedings of the 2005 ACM SIGMOD international conference on Management of data},
    pages={906--908},
    year={2005},
    organization={Acm}
}

@article{noy2004semantic,
    title={Semantic integration: a survey of ontology-based approaches},
    author={Noy, Natalya F},
    journal={ACM Sigmod Record},
    volume={33},
    number={4},
    pages={65--70},
    year={2004},
    publisher={ACM}
}

@article{kittler1998combining,
    title={On combining classifiers},
    author={Kittler, Josef and Hatef, Mohamad and Duin, Robert PW and Matas, Jiri},
    journal={IEEE transactions on pattern analysis and machine intelligence},
    volume={20},
    number={3},
    pages={226--239},
    year={1998},
    publisher={IEEE}
}

@inproceedings{nkisi2018ontology,
    title={Ontology alignment based on word embedding and random forest classification},
    author={Nkisi-Orji, Ikechukwu and Wiratunga, Nirmalie and Massie, Stewart and Hui, Kit-Ying and Heaven, Rachel},
    booktitle={Joint European Conference on Machine Learning and Knowledge Discovery in Databases},
    pages={557--572},
    year={2018},
    organization={Springer}
}

@article{nezhadi2011ontology,
    title={Ontology alignment using machine learning techniques},
    author={Nezhadi, Azadeh Haratian and Shadgar, Bita and Osareh, Alireza},
    journal={International Journal of Computer Science \& Information Technology},
    volume={3},
    number={2},
    pages={139},
    year={2011},
    publisher={Academy \& Industry Research Collaboration Center(AIRCC)}
}

@inproceedings{kolyvakis2018deepalignment,
    title={Deepalignment: Unsupervised ontology matching with refined word vectors},
    author={Kolyvakis, Prodromos and Kalousis, Alexandros and Kiritsis, Dimitris},
    booktitle={Proceedings of the 2018 Conference of the North American Chapter of the Association for Computational Linguistics: Human Language Technologies, Volume 1 (Long Papers)},
    pages={787--798},
    year={2018}
}

@incollection{zhang2014ontology,
    title={Ontology matching with word embeddings},
    author={Zhang, Yuanzhe and Wang, Xuepeng and Lai, Siwei and He, Shizhu and Liu, Kang and Zhao, Jun and Lv, Xueqiang},
    booktitle={Chinese computational linguistics and natural language processing based on naturally annotated big data},
    pages={34--45},
    year={2014},
    publisher={Springer}
}

@inproceedings{eckert2009improving,
    title={Improving ontology matching using meta-level learning},
    author={Eckert, Kai and Meilicke, Christian and Stuckenschmidt, Heiner},
    booktitle={European Semantic Web Conference},
    pages={158--172},
    year={2009},
    organization={Springer}
}

@inproceedings{rehurek2010gensim,
    title = {{Software Framework for Topic Modelling with Large Corpora}},
    author = {Radim {\v R}eh{\r u}{\v r}ek and Petr Sojka},
    booktitle = {{Proceedings of the LREC 2010 Workshop on New
           Challenges for NLP Frameworks}},
    pages = {45--50},
    year = 2010,
    month = May,
    day = 22,
    publisher = {ELRA},
    address = {Valletta, Malta},
    note={\url{http://is.muni.cz/publication/884893/en}},
    language={English}
}

@inproceedings{lesk1986automatic,
    title={Automatic sense disambiguation using machine readable dictionaries: how to tell a pine cone from an ice cream cone},
    author={Lesk, Michael},
    booktitle={Proceedings of the 5th annual international conference on Systems documentation},
    pages={24--26},
    year={1986}
}

@article{vandic2012faceted,
    title={Faceted product search powered by the Semantic Web},
    author={Vandic, Damir and Van Dam, Jan-Willem and Frasincar, Flavius},
    journal={Decision Support Systems},
    volume={53},
    number={3},
    pages={425--437},
    year={2012},
    publisher={Elsevier}
}

@article{nederstigt2016lexical,
    title={A lexical approach for taxonomy mapping},
    author={Nederstigt, Lennart and Vandic, Damir and Frasincar, Flavius},
    journal={Journal of Web Engineering},
    volume={15},
    number={1-2},
    pages={084--109},
    year={2016}
}

@inproceedings{nederstigt2012automatic,
    title={An automatic approach for mapping product taxonomies in E-commerce systems},
    author={Nederstigt, Lennart J and Aanen, Steven S and Vandi{\'c}, Damir and Fr{\u{a}}sincar, Flavius},
    booktitle={International Conference on Advanced Information Systems Engineering},
    pages={334--349},
    year={2012},
    organization={Springer}
}

@article{aanen2015automated,
    title={Automated product taxonomy mapping in an e-commerce environment},
    author={Aanen, Steven S and Vandic, Damir and Frasincar, Flavius},
    journal={Expert Systems with Applications},
    volume={42},
    number={3},
    pages={1298--1313},
    year={2015},
    publisher={Elsevier}
}

@inproceedings{aanen2012schema,
    title={SCHEMA-an algorithm for automated product taxonomy mapping in e-commerce},
    author={Aanen, Steven S and Nederstigt, Lennart J and Vandi{\'c}, Damir and Fr{\u{a}}sincar, Flavius},
    booktitle={Extended Semantic Web Conference},
    pages={300--314},
    year={2012},
    organization={Springer}
}

@inproceedings{embar2018aligning,
    title={Aligning product categories using anchor products},
    author={Embar, Varun R and Farnadi, Golnoosh and Pujara, Jay and Getoor, Lise},
    booktitle={First Workshop on Knowledge Base Construction, Reasoning and Mining},
    year={2018}
}

@article{park2007ontology,
    title={Ontology mapping between heterogeneous product taxonomies in an electronic commerce environment},
    author={Park, Sangun and Kim, Wooju},
    journal={International Journal of Electronic Commerce},
    volume={12},
    number={2},
    pages={69--87},
    year={2007},
    publisher={Taylor \& Francis}
}

@inproceedings{raad2019impact,
    title={On the Impact of sameAs on Schema Matching},
    author={Raad, Joe and Acar, Erman and Schlobach, Stefan},
    booktitle={Proceedings of the 10th International Conference on Knowledge Capture},
    pages={77--84},
    year={2019}
}

@article{schulten2001call,
    title={Call for participants: The e-commerce product classification challenge},
    author={Schulten, Ellen and Akkermans, Hans and Botquin, Guy and D{\"o}rr, Martin and Guarino, Nicola and Lopes, Nelson and Sadeh, Norman},
    journal={IEEE Intelligent systems},
    number={4},
    pages={86--c3},
    year={2001},
    publisher={IEEE}
}

@inproceedings{dumais2000hierarchical,
    title={Hierarchical classification of web content},
    author={Dumais, Susan and Chen, Hao},
    booktitle={Proceedings of the 23rd annual international ACM SIGIR conference on Research and development in information retrieval},
    pages={256--263},
    year={2000},
    organization={ACM}
}

@article{tai1979tree,
    title={The tree-to-tree correction problem},
    author={Tai, Kuo-Chung},
    journal={Journal of the ACM (JACM)},
    volume={26},
    number={3},
    pages={422--433},
    year={1979},
    publisher={ACM}
}

@article{resnik1999semantic,
    title={Semantic similarity in a taxonomy: An information-based measure and its application to problems of ambiguity in natural language},
    author={Resnik, Philip},
    journal={Journal of artificial intelligence research},
    volume={11},
    pages={95--130},
    year={1999}
}

@inproceedings{maedche2002clustering,
    title={Clustering ontology-based metadata in the semantic web},
    author={Maedche, Alexander and Zacharias, Valentin},
    booktitle={European conference on principles of data mining and knowledge discovery},
    pages={348--360},
    year={2002},
    organization={Springer}
}

@inproceedings{mikolov2013distributed,
    title={Distributed representations of words and phrases and their compositionality},
    author={Mikolov, Tomas and Sutskever, Ilya and Chen, Kai and Corrado, Greg S and Dean, Jeff},
    booktitle={Advances in neural information processing systems},
    pages={3111--3119},
    year={2013}
}
